@article{Emanuele,
    author = {Emanuele Pagliari},
    title = {What is LoRaWAN Internet of Things protocol and how does it work?},
    journal = {},
    year = {Oct. 12, 2020},
    doi = {https://emanuelepagliari.it/2020/10/13/what-is-lorawan-internet-of-things-protocol/}
}

@article{ref1,
    author = {},
    title = {What are LoRa and LoRaWAN?,},
    journal = {The Things Network},
    year = {},
    doi = {https://www.thethingsnetwork.org/docs/lorawan/what-is-lorawan/}
}

@article{ref2,
    author = {},
    title = {LoRa and LoRaWAN: A Technical Overview LoRa® and LoRaWAN®: A Technical Overview},
    journal = {},
    year = {2019},
    doi = {https://lora-developers.semtech.com/uploads/documents/files/LoRa_and_LoRaWAN-A_Tech_Overview-Downloadable.pdf}
}


@article{ref3,
    author = {},
    title = {Research in LoRa: The Disaster Communication Networking Space,},
    journal = {Research in LoRa},
    year = {2023},
    doi = {https://brentonpoke.github.io/lorablog/}
}

@article{Delgado,
    author = {F. Delgado-Ferro, J. Navarro-Ortiz, N. Chinchilla-Romero, and J. J. Ramos-Munoz},
    title = {A LoRaWAN Architecture for Communications in Areas without Coverage: Design and Pilot Trials},
    journal = {Electronics, vol. 11, no. 5, p. 804},
    year = {Jan. 2022},
    doi = {https://doi.org/10.3390/electronics11050804}
}

@article{ref4,
    author = {M. A. M. Almuhaya, W. A. Jabbar, N. Sulaiman, and S. Abdulmalek},
    title = {A Survey on LoRaWAN Technology: Recent Trends, Opportunities, Simulation Tools and Future Directions,},
    journal = {Electronics, vol. 11, no. 1, p. 164},
    year = {2022},
    doi = {https://doi.org/10.3390/electronics11010164.}
}


@article{Saraereh,
    author = {O. A. Saraereh, A. Alsaraira, I. Khan, and P. Uthansakul},
    title = {Performance Evaluation of UAV-Enabled LoRa Networks for Disaster Management Applications},
    journal = {Sensors, vol. 20, no. 8, p. 2396},
    year = {Apr. 2020},
    doi = {https://doi.org/10.3390/s20082396}
}

@article{ref5,
    author = {},
    title = {Home | FLoRa - A Framework for LoRa simulations,},
    journal = {},
    year = {2018},
    doi = {https://flora.aalto.fi/}
}
@article{ref7,
    author = {Mathuranathan},
    title = {Log Distance Path Loss or Log Normal Shadowing Model},
    journal = {GaussianWaves},
    year = { Sep. 30, 2013.},
    doi = {https://www.gaussianwaves.com/2013/09/log-distance-path-loss-or-log-normal-shadowing-model/}
}

@article{Marais,
    author = {J. M. Marais, R. Malekian and A. M. Abu-Mahfouz},
    title = {LoRa and LoRaWAN testbeds: A review},
    journal = {IEEE AFRICON, Cape Town, South Africa, 2017, pp. 1496-1501},
    year = {2017},
    doi = {10.1109/AFRCON.2017.8095703}
}

@article{Tamang,
    author = {D. Tamang, M. Mugnaini, L. Parri, Valerio Vignoli, and A. Abrardo},
    title = {Designing a Reliable and Low-Latency LoRaWAN Solution for Environmental Monitoring in Factories at Major Accident Risk,},
    journal = {Sensors, vol. 22, no. 6, pp. 2372–2372},
    year = {2022},
    doi = {https://doi.org/10.3390/s22062372.}
}

@article{farooq,
    author = {Muhammad Omer Farooq},
    title = {{Introducing Scalability in LoRa-Based Networks through Multi-Hop Communication Setups}},
    journal = {IEEE Xplore},
    year = {2019},
    doi = {10.1109/GLOBECOM38437.2019.9013315}
}

@misc{omnetppman,
    author = {Andras Varga},
    title = {{OMNeT++ - Simulation Manual}},
    doi = {https://doc.omnetpp.org/omnetpp/manual/#cha:eventlog-file-format}
}

@misc{SimulationRun,
    author = {Andras Varga},
    title = {{OMNeT++ - Simulation Manual-Running Simulations}},
    doi = {https://doc.omnetpp.org/omnetpp/manual/#cha:run-sim}
}

